%% This BibTeX bibliography file was created using BibDesk.
%% http://bibdesk.sourceforge.net/

%% Created for Mattias Heldner at 2016-10-17 11:35:21 +0200 


%% Saved with string encoding Unicode (UTF-8) 



@article{Davis80-COP,
	Author = {Steven B. Davis and Paul Mermelstein},
	Journal = {IEEE Transactions on Acoustics, Speech and Signal Processing},
	Number = {4},
	Pages = {357--366},
	Title = {Comparison of Parametric Representation for Monosyllabic Word Recognition in Continuously Spoken Sentences},
	Volume = {28},
	Year = {1980}}

@article{Rabiner89-ATO,
	Author = {Lawrence R. Rabiner},
	Journal = {Proceedings of the IEEE},
	Number = {2},
	Pages = {257--286},
	Title = {A Tutorial on Hidden {Markov} Models and Selected Applications in Speech Recognition},
	Volume = {77},
	Year = {1989}}

@book{Hastie09-TEO,
	Address = {New York},
	Author = {Trevor Hastie and Robert Tibshirani and Jerome Friedman},
	Publisher = {Springer},
	Title = {The Elements of Statistical Learning -- Data Mining, Inference, and Prediction},
	Year = {2009}}

@inproceedings{YourName17-XXX,
	Author = {Firstname1 Lastname1 and Firstname2 Lastname2 and Firstname3 Lastname3},
	Crossref = {INTERSPEECH17},
	Date-Modified = {2016-10-17 09:35:16 +0000},
	Pages = {100--104},
	Title = {Title of your {INTERSPEECH} 2017 publication}}

@proceedings{INTERSPEECH17,
	Booktitle = {{INTERSPEECH} 2017 -- 18\textsuperscript{th} Annual Conference of the International Speech Communication Association, September 8--12, Stockholm, Sweden, Proceedings},
	Date-Modified = {2016-10-17 09:24:27 +0000},
	Key = {INTERSPEECH},
	Title = {{INTERSPEECH} 2017 -- 18\textsuperscript{th} Annual Conference of the International Speech Communication Association, August 20--24, Stockholm, Sweden, Proceedings},
	Year = {2017}}


@article{barchiesi2015acoustic,
  title={Acoustic scene classification: Classifying environments from the sounds they produce},
  author={Barchiesi, Daniele and Giannoulis, Dimitrios and Stowell, Dan and Plumbley, Mark D},
  journal={IEEE Signal Processing Magazine},
  volume={32},
  number={3},
  pages={16--34},
  year={2015},
  publisher={IEEE}
}

@article{ghoraani2011time,
  title={Time--frequency matrix feature extraction and classification of environmental audio signals},
  author={Ghoraani, Behnaz and Krishnan, Sridhar},
  journal={IEEE transactions on audio, speech, and language processing},
  volume={19},
  number={7},
  pages={2197--2209},
  year={2011},
  publisher={IEEE}
}

@article{chu2009environmental,
  title={Environmental sound recognition with time--frequency audio features},
  author={Chu, Selina and Narayanan, Shrikanth and Kuo, C. C Jay},
  journal={IEEE Transactions on Audio, Speech, and Language Processing},
  volume={17},
  number={6},
  pages={1142--1158},
  year={2009},
  publisher={IEEE}
}


@inproceedings{transfeld2015acoustic,
  title={An acoustic event detection framework and evaluation metric for surveillance in cars.},
  author={Transfeld, Peter and Receveur, Simon and Fingscheidt, Tim},
  booktitle={INTERSPEECH},
  pages={2927--2931},
  year={2015}
}


@article{temko2006acoustic,
  title={Acoustic event detection and classification in smart-room environments: Evaluation of CHIL project systems},
  author={Temko, Andrey and Malkin, Robert and Zieger, Christian and Macho, Dusan and Nadeu, Climent and Omologo, Maurizio},
  journal={Cough},
  volume={65},
  number={48},
  pages={5--11},
  year={2006}
}


@article{temko2009acoustic,
  title={Acoustic event detection in meeting-room environments},
  author={Temko, Andrey and Nadeu, Climent},
  journal={Pattern Recognition Letters},
  volume={30},
  number={14},
  pages={1281--1288},
  year={2009},
  publisher={Elsevier}
}


@article{dennis2011spectrogram,
  title={Spectrogram image feature for sound event classification in mismatched conditions},
  author={Dennis, Jonathan and Tran, Huy Dat and Li, Haizhou},
  journal={IEEE Signal Processing Letters},
  volume={18},
  number={2},
  pages={130--133},
  year={2011},
  publisher={IEEE}
}


@inproceedings{mulimaniacoustic,
  title={Acoustic scene classification using MFCC and MP features},
  author={Mulimani, Manjunath and Koolagudi, Shashidhar G},
booktitle={Detection and Classification of Acoustic Scenes and Events},
  %pages={2927--2931},
  year={2016}
}

@article{oppenheim1970speech,
  title={Speech spectrograms using the {F}ast {F}ourier {T}ransform},
  author={Oppenheim, Alan V},
  journal={IEEE spectrum},
  volume={8},
  number={7},
  pages={57--62},
  year={1970}
}

@article{boashash2015principles,
  title={Principles of time--frequency feature extraction for change detection in non-stationary signals: Applications to newborn {EEG} abnormality detection},
  author={Boashash, Boualem and Azemi, Ghasem and Khan, Nabeel Ali},
  journal={Pattern Recognition},
  volume={48},
  number={3},
  pages={616--627},
  year={2015},
  publisher={Elsevier}
}

@inproceedings{stork2012audio,
  title={Audio-based human activity recognition using non-Markovian ensemble voting},
  author={Stork, Johannes A and Spinello, Luciano and Silva, Jens and Arras, Kai O},
  booktitle={21st IEEE International Symposium on Robot and Human Interactive Communication},
  pages={509--514},
  year={2012},
  organization={IEEE}
}


@inproceedings{cernekova2003video,
  title={Video shot segmentation using singular value decomposition},
  author={Cernekova, Zuzana and Kotropoulos, Constantine and Pitas, Ioannis},
  booktitle={Proceedings of IEEE International Conference on Acoustics, Speech, and Signal Processing (ICASSP)},
  volume={3},
  pages={176--181},
  year={2003},
  organization={IEEE}
}


@article{chung2005laplacians,
  title={Laplacians and the Cheeger inequality for directed graphs},
  author={Chung, Fan},
  journal={Annals of Combinatorics},
  volume={9},
  number={1},
  pages={1--19},
  year={2005},
  publisher={Springer}
}


@article{wichern2010segmentation,
  title={Segmentation, indexing, and retrieval for environmental and natural sounds},
  author={Wichern, Gordon and Xue, Jiachen and Thornburg, Harvey and Mechtley, Brandon and Spanias, Andreas},
  journal={IEEE Transactions on Audio, Speech, and Language Processing},
  volume={18},
  number={3},
  pages={688--707},
  year={2010},
  publisher={IEEE}
}

@article{grubbstrom2006moments,
  title={The moments and central moments of a compound distribution},
  author={Grubbstr{\"o}m, Robert W and Tang, Ou},
  journal={European Journal of Operational Research},
  volume={170},
  number={1},
  pages={106--119},
  year={2006},
  publisher={Elsevier}
}


@book{mcdonald2009handbook,
  title={Handbook of biological statistics},
  author={McDonald, John H},
  volume={2},
  year={2009},
  publisher={Sparky House Publishing Baltimore, MD}
}

@article{ajmera2011text,
  title={Text-independent speaker identification using Radon and discrete cosine transforms based features from speech spectrogram},
  author={Ajmera, Pawan K and Jadhav, Dattatray V and Holambe, Raghunath S},
  journal={Pattern Recognition},
  volume={44},
  number={10},
  pages={2749--2759},
  year={2011},
  publisher={Elsevier}
}

@inproceedings{greenberg1997modulation,
  title={The modulation spectrogram: In pursuit of an invariant representation of speech},
  author={Greenberg, Steven and Kingsbury, Brian ED},
  booktitle={Acoustics, Speech, and Signal Processing, 1997. ICASSP-97., 1997 IEEE International Conference on},
  volume={3},
  pages={1647--1650},
  year={1997},
  organization={IEEE}
}

@article{dennis2013overlapping,
  title={Overlapping sound event recognition using local spectrogram features and the generalised hough transform},
  author={Dennis, Jonathan and Tran, Huy Dat and Chng, Eng Siong},
  journal={Pattern Recognition Letters},
  volume={34},
  number={9},
  pages={1085--1093},
  year={2013},
  publisher={Elsevier}
}

@article{hory2002spectrogram,
  title={Spectrogram segmentation by means of statistical features for non-stationary signal interpretation},
  author={Hory, Cyril and Martin, Nadine and Chehikian, Alain},
  journal={IEEE Transactions on Signal Processing},
  volume={50},
  number={12},
  pages={2915--2925},
  year={2002},
  publisher={IEEE}
}

@article{shuman2013emerging,
  title={The emerging field of signal processing on graphs: Extending high-dimensional data analysis to networks and other irregular domains},
  author={Shuman, David I and Narang, Sunil K and Frossard, Pascal and Ortega, Antonio and Vandergheynst, Pierre},
  journal={IEEE Signal Processing Magazine},
  volume={30},
  number={3},
  pages={83--98},
  year={2013},
  publisher={IEEE}
}

@inproceedings{boykov2001interactive,
  title={Interactive graph cuts for optimal boundary \& region segmentation of objects in ND images},
  author={Boykov, Yuri Y and Jolly, M-P},
  booktitle={Computer Vision, 2001. ICCV 2001. Proceedings. Eighth IEEE International Conference on},
  volume={1},
  pages={105--112},
  year={2001},
  organization={IEEE}
}

@article{rao1990acoustic,
  title={Acoustic emission and signal analysis},
  author={Rao, AK},
  journal={Defence Science Journal},
  volume={40},
  number={1},
  pages={55},
  year={1990},
  publisher={Defence Scientific Information \& Documentation Centre}
}

@inproceedings{saha2005new,
  title={A new silence removal and endpoint detection algorithm for speech and speaker recognition applications},
  author={Saha, G and Chakroborty, Sandipan and Senapati, Suman},
  booktitle={Proceedings of the 11th National Conference on Communications (NCC)},
  pages={291--295},
  year={2005}
}

@article{dennis2013image,
  title={Image feature representation of the subband power distribution for robust sound event classification},
  author={Dennis, Jonathan and Tran, Huy Dat and Chng, Eng Siong},
  journal={IEEE Transactions on Audio, Speech, and Language Processing},
  volume={21},
  number={2},
  pages={367--377},
  year={2013},
  publisher={IEEE}
}

@article{klema1980singular,
  title={The singular value decomposition: Its computation and some applications},
  author={Klema, Virginia and Laub, Alan},
  journal={IEEE transactions on automatic control},
  volume={25},
  number={2},
  pages={164--176},
  year={1980},
  publisher={IEEE}
}

@article{hassanpour2004time,
  title={Time-frequency feature extraction of newborn {EEG} seizure using {SVD}-based techniques},
  author={Hassanpour, Hamid and Mesbah, Mostefa and Boashash, Boualem},
  journal={EURASIP Journal on Applied Signal Processing},
  volume={20},
  pages={2544--2554},
  year={2004},
  publisher={Hindawi Publishing Corp.}
}


@inproceedings{dennis2013temporal,
  title={Temporal coding of local spectrogram features for robust sound recognition},
  author={Dennis, Jonathan and Yu, Qiang and Tang, Huajin and Tran, Huy Dat and Li, Haizhou},
  booktitle={Proceedings of IEEE International Conference on Acoustics, Speech and Signal Processing (ICASSP)},
  pages={803--807},
  year={2013},
  organization={IEEE}
}

@inproceedings{ellis2004minimal,
  title={Minimal-impact audio-based personal archives},
  author={Ellis, Daniel PW and Lee, Keansub},
  booktitle={Proceedings of the the 1st ACM workshop on Continuous archival and retrieval of personal experiences},
  pages={39--47},
  year={2004},
  organization={ACM}
}


@article{dufournet1998automatic,
  title={Automatic noise source recognition},
  author={Dufournet, Didier and Jouenne, Philippe and Rozwadowski, Adam},
  journal={The Journal of the Acoustical Society of America},
  volume={103},
  number={5},
  pages={2950},
  year={1998},
  publisher={Acoustical Society of America}
}


@inproceedings{defreville2006automatic,
  title={Automatic recognition of urban sound sources},
  author={Defr{\'e}ville, Boris and Pachet, Fran{\c{c}}ois and Rosin, Christophe and Roy, Pierre},
  booktitle={Audio Engineering Society Convention 120},
  year={2006},
  organization={Audio Engineering Society}
}


@article{nakamura2000acoustical,
  title={Acoustical sound database in real environments for sound scene understanding and hands-free speech recognition},
  author={Nakamura, Satoshi and Hiyane, Kazuo and Asano, Futoshi and Nishiura, Takanobu and Yamada, Takeshi},
  year={2000}
}

@article{sandryhaila2014big,
  title={Big data analysis with signal processing on graphs: Representation and processing of massive data sets with irregular structure},
  author={Sandryhaila, Aliaksei and Moura, Jose MF},
  journal={IEEE Signal Processing Magazine},
  volume={31},
  number={5},
  pages={80--90},
  year={2014},
  publisher={IEEE}
}


@article{varga1993assessment,
  title={Assessment for automatic speech recognition: {II}. {NOISEX}-92: A database and an experiment to study the effect of additive noise on speech recognition systems},
  author={Varga, Andrew and Steeneken, Herman JM},
  journal={Speech Communication},
  volume={12},
  number={3},
  pages={247--251},
  year={1993},
  publisher={Elsevier}
}

@book{flandrin1998time,
  title={Time-frequency/time-scale analysis},
  author={Flandrin, Patrick},
  volume={10},
  year={1998},
  publisher={Academic press}
}

@article{eronen2006audio,
  title={Audio-based context recognition},
  author={Eronen, Antti J and Peltonen, Vesa T and Tuomi, Juha T and Klapuri, Anssi P and Fagerlund, Seppo and Sorsa, Timo and Lorho, Ga{\"e}tan and Huopaniemi, Jyri},
  journal={IEEE Transactions on Audio, Speech, and Language Processing},
  volume={14},
  number={1},
  pages={321--329},
  year={2006},
  publisher={IEEE}
}

@inproceedings{peltonen2002computational,
  title={Computational auditory scene recognition},
  author={Peltonen, Vesa and Tuomi, Juha and Klapuri, Anssi and Huopaniemi, Jyri and Sorsa, Timo},
  booktitle={Proceedings of IEEE International Conference on Acoustics, Speech, and Signal Processing (ICASSP)},
  volume={2},
  pages={1939--1941},
  year={2002},
 organization={IEEE}
}

@inproceedings{eronen2003audio,
  title={Audio-based context awareness-acoustic modeling and perceptual evaluation},
  author={Eronen, Antti and Tuomi, Juha and Klapuri, Anssi and Fagerlund, Seppo and Sorsa, Timo and Lorho, Ga{\"e}tan and Huopaniemi, Jyri},
  booktitle={Proceedings of IEEE International Conference on Acoustics, Speech, and Signal Processing (ICASSP)},
  volume={5},
  pages={527--529},
  year={2003},
  organization={IEEE}
}

@article{cowling2003comparison,
  title={Comparison of techniques for environmental sound recognition},
  author={Cowling, Michael and Sitte, Renate},
  journal={Pattern recognition letters},
  volume={24},
  number={15},
  pages={2895--2907},
  year={2003},
  publisher={Elsevier}
}

@inproceedings{muhammad2009environment,
  title={Environment recognition from audio using {MPEG-7} features},
  author={Muhammad, Ghulam and Alghathbar, Khaled},
  booktitle={Embedded and Multimedia Computing, 2009. EM-Com 2009. 4th International Conference on},
  pages={1--6},
  year={2009},
  organization={IEEE}
}

@article{tran2011sound,
  title={Sound event recognition with probabilistic distance {SVM}s},
  author={Tran, Huy Dat and Li, Haizhou},
  journal={IEEE transactions on audio, speech, and language processing},
  volume={19},
  number={6},
  pages={1556--1568},
  year={2011},
  publisher={IEEE}
}

@inproceedings{kraft2005temporal,
  title={Temporal {ICA} for classification of acoustic events in a kitchen environment},
  author={Kraft, Florian and Malkin, Robert and Schaaf, Thomas and Waibel, Alex},
  booktitle={INTERSPEECH, Lisbon, Portugal},
  year={2005}
}

@article{golub1970singular,
  title={Singular value decomposition and least squares solutions},
  author={Golub, Gene H and Reinsch, Christian},
  journal={Numerische mathematik},
  volume={14},
  number={5},
  pages={403--420},
  year={1970},
  publisher={Springer}
}

@article{van1976generalizing,
  title={Generalizing the singular value decomposition},
  author={Van Loan, Charles F},
  journal={SIAM Journal on Numerical Analysis},
  volume={13},
  number={1},
  pages={76--83},
  year={1976},
  publisher={SIAM}
}

@incollection{wall2003singular,
  title={Singular value decomposition and principal component analysis},
  author={Wall, Michael E and Rechtsteiner, Andreas and Rocha, Luis M},
  booktitle={A practical approach to microarray data analysis},
  pages={91--109},
  year={2003},
  publisher={Springer}
}

@article{shi2000normalized,
  title={Normalized cuts and image segmentation},
  author={Shi, Jianbo and Malik, Jitendra},
  journal={IEEE Transactions on pattern analysis and machine intelligence},
  volume={22},
  number={8},
  pages={888--905},
  year={2000},
  publisher={Ieee}
}

@article{heil1989continuous,
  title={Continuous and discrete wavelet transforms},
  author={Heil, Christopher E and Walnut, David F},
  journal={SIAM review},
  volume={31},
  number={4},
  pages={628--666},
  year={1989},
  publisher={SIAM}
}

@article{dennis2014sound,
  title={Sound event recognition in unstructured environments using spectrogram image processing},
  author={Dennis, Jonathan William},
  journal={Nanyang Technological University, Singapore},
  year={2014}
}

@article{merris1994laplacian,
  title={Laplacian matrices of graphs: a survey},
  author={Merris, Russell},
  journal={Linear algebra and its applications},
  volume={197},
  pages={143--176},
  year={1994},
  publisher={Elsevier}
}

@inproceedings{spielman2010algorithms,
  title={Algorithms, graph theory, and linear equations in {L}aplacian matrices},
  author={Spielman, Daniel A},
  booktitle={Proceedings of the international congress of mathematicians},
  volume={4},
  pages={2698--2722},
  year={2010}
}

@article{mohar1991laplacian,
  title={The {L}aplacian spectrum of graphs},
  author={Mohar, Bojan and Alavi, Y and Chartrand, G and Oellermann, OR},
  journal={Graph theory, combinatorics, and applications},
  volume={2},
  number={871-898},
  pages={12},
  year={1991}
}

@article{kim2006maximizing,
  title={On maximizing the second smallest eigenvalue of a state-dependent graph {L}aplacian},
  author={Kim, Yoonsoo and Mesbahi, Mehran},
  journal={IEEE transactions on Automatic Control},
  volume={51},
  number={1},
  pages={116--120},
  year={2006},
  publisher={IEEE}
}

@article{schadler2012spectro,
  title={Spectro-temporal modulation subspace-spanning filter bank features for robust automatic speech recognition},
  author={Sch{\"a}dler, Marc Ren{\'e} and Meyer, Bernd T and Kollmeier, Birger},
  journal={The Journal of the Acoustical Society of America},
  volume={131},
  number={5},
  pages={4134--4151},
  year={2012},
  publisher={ASA}
}

@article{young2002htk,
  title={The HTK book},
  author={Young, Steve and Evermann, Gunnar and Gales, Mark and Hain, Thomas and Kershaw, Dan and Liu, Xunying and Moore, Gareth and Odell, Julian and Ollason, Dave and Povey, Dan and others},
  journal={Cambridge university engineering department},
  volume={3},
  pages={175},
  year={2002}
}

@article{leprettre2002extraction,
  title={Extraction of pertinent subsets from time--frequency representations for detection and recognition purposes},
  author={Leprettre, Benoit and Martin, Nadine},
  journal={Signal Processing},
  volume={82},
  number={2},
  pages={229--238},
  year={2002},
  publisher={Elsevier}
}

@inproceedings{millioz2006short,
  title={Short time {F}ourier transform probability distribution for time-frequency segmentation},
  author={Millioz, Fabien and Huillery, Julien and Martin, Nadine},
  booktitle={Proceedings of IEEE International Conference on Acoustics, Speech and Signal Processing (ICASSP)},
  volume={3},
  pages={255--257},
  year={2006},
  organization={IEEE}
}

@article{foggia2016audio,
  title={Audio surveillance of roads: a system for detecting anomalous sounds},
  author={Foggia, Pasquale and Petkov, Nicolai and Saggese, Alessia and Strisciuglio, Nicola and Vento, Mario},
  journal={IEEE Transactions on Intelligent Transportation Systems},
  volume={17},
  number={1},
  pages={279--288},
  year={2016},
  publisher={IEEE}
}

@inproceedings{rouas2006audio,
  title={Audio events detection in public transport vehicle},
  author={Rouas, J-L and Louradour, J{\'e}r{\^o}me and Ambellouis, S{\'e}bastien},
  booktitle={Intelligent Transportation Systems Conference (ITSC)},
  pages={733--738},
  year={2006},
  organization={IEEE}
}

@article{vu2006audio,
  title={Audio-video event recognition system for public transport security},
  author={Vu, Van-Thinh and Br{\'e}mond, Fran{\c{c}}ois and Davini, Gabriele and Thonnat, Monique and Pham, Quoc-Cuong and Allezard, Nicolas and Sayd, Patrick and Rouas, J and Ambellouis, S{\'e}bastien and Flancquart, Amaury},
  year={2006},
  publisher={IET}
}

@article{borkar2013review,
  title={REVIEW ON VEHICULAR SPEED, DENSITY ESTIMATION AND CLASSIFICATION USING ACOUSTIC SIGNAL.},
  author={Borkar, Prashant and Malik, Latesh G},
  journal={International Journal for Traffic \& Transport Engineering},
  volume={3},
  number={3},
  year={2013}
}

@article{sivaraman2013looking,
  title={Looking at vehicles on the road: A survey of vision-based vehicle detection, tracking, and behavior analysis},
  author={Sivaraman, Sayanan and Trivedi, Mohan Manubhai},
  journal={IEEE Transactions on Intelligent Transportation Systems},
  volume={14},
  number={4},
  pages={1773--1795},
  year={2013},
  publisher={IEEE}
}

@article{lowe2004distinctive,
  title={Distinctive image features from scale-invariant keypoints},
  author={Lowe, David G},
  journal={International journal of computer vision},
  volume={60},
  number={2},
  pages={91--110},
  year={2004},
  publisher={Springer}
}

@inproceedings{valenzise2007scream,
  title={Scream and gunshot detection and localization for audio-surveillance systems},
  author={Valenzise, Giuseppe and Gerosa, Luigi and Tagliasacchi, Marco and Antonacci, Fabio and Sarti, Augusto},
  booktitle={IEEE Conference on Advanced Video and Signal Based Surveillance (AVSS)},
  pages={21--26},
  year={2007},
  organization={IEEE}
}

@article{foggia2015reliable,
  title={Reliable detection of audio events in highly noisy environments},
  author={Foggia, Pasquale and Petkov, Nicolai and Saggese, Alessia and Strisciuglio, Nicola and Vento, Mario},
  journal={Pattern Recognition Letters},
  volume={65},
  pages={22--28},
  year={2015},
  publisher={Elsevier}
}

@inproceedings{carletti2013audio,
  title={Audio surveillance using a bag of aural words classifier},
  author={Carletti, Vincenzo and Foggia, Pasquale and Percannella, Gennaro and Saggese, Alessia and Strisciuglio, Nicola and Vento, Mario},
  booktitle={10th IEEE International Conference on Advanced Video and Signal Based Surveillance (AVSS)},
  pages={81--86},
  year={2013},
  organization={IEEE}
}

@inproceedings{clavel2005events,
  title={Events detection for an audio-based surveillance system},
  author={Clavel, Chlo{\'e} and Ehrette, Thibaut and Richard, Ga{\"e}l},
  booktitle={IEEE International Conference on Multimedia and Expo, ICME. },
  pages={1306--1309},
  year={2005},
  organization={IEEE}
}

@inproceedings{conte2012ensemble,
  title={An ensemble of rejecting classifiers for anomaly detection of audio events},
  author={Conte, Donatello and Foggia, Pasquale and Percannella, Gennaro and Saggese, Alessia and Vento, Mario},
  booktitle={IEEE Ninth International Conference on Advanced Video and Signal-Based Surveillance (AVSS)},
  pages={76--81},
  year={2012},
  organization={IEEE}
}

@article{dean2008mapreduce,
  title={MapReduce: simplified data processing on large clusters},
  author={Dean, Jeffrey and Ghemawat, Sanjay},
  journal={Communications of the ACM},
  volume={51},
  number={1},
  pages={107--113},
  year={2008},
  publisher={ACM}
}

@article{zhang2014large,
  title={Large-scale deep belief nets with mapreduce},
  author={Zhang, Kunlei and Chen, Xue-Wen},
  journal={IEEE Access},
  volume={2},
  pages={395--403},
  year={2014},
  publisher={IEEE}
}

@inproceedings{shvachko2010hadoop,
  title={The hadoop distributed file system},
  author={Shvachko, Konstantin and Kuang, Hairong and Radia, Sanjay and Chansler, Robert},
  booktitle={IEEE 26th symposium on Mass storage systems and technologies (MSST)},
  pages={1--10},
  year={2010},
  organization={IEEE}
}

@book{white2012hadoop,
  title={Hadoop: The definitive guide},
  author={White, Tom},
  year={2012},
  publisher={O'Reilly Media, Inc.}
}

@book{manoochehri2013data,
  title={Data just right: introduction to large-scale data \& analytics},
  author={Manoochehri, Michael},
  year={2013},
  publisher={Addison-Wesley}
}

@article{bhuiyan2015iterative,
  title={An iterative {M}ap{R}educe based frequent subgraph mining algorithm},
  author={Bhuiyan, Mansurul A and Al Hasan, Mohammad},
  journal={IEEE Transactions on Knowledge and Data Engineering},
  volume={27},
  number={3},
  pages={608--620},
  year={2015},
  publisher={IEEE}
}

@article{almeer2012cloud,
  title={Cloud {H}adoop {M}ap{R}educe for remote sensing image analysis},
  author={Almeer, Mohamed H},
  journal={Journal of Emerging Trends in Computing and Information Sciences},
  volume={3},
  number={4},
  pages={637--644},
  year={2012}
}

@inproceedings{tang2009social,
  title={Social influence analysis in large-scale networks},
  author={Tang, Jie and Sun, Jimeng and Wang, Chi and Yang, Zi},
  booktitle={Proceedings of the 15th ACM SIGKDD international conference on Knowledge discovery and data mining},
  pages={807--816},
  year={2009},
  organization={ACM}
}

@inproceedings{radhakrishnan2005systematic,
  title={Systematic acquisition of audio classes for elevator surveillance},
  author={Radhakrishnan, Regunathan and Divakaran, Ajay and Smaragdis, Paris},
  booktitle={Proceedings of Society of Photo-Optical Instrumentation Engineers (SPIE)},
  volume={5685},
  pages={64--71},
  year={2005}
}

@inproceedings{harma2005automatic,
  title={Automatic surveillance of the acoustic activity in our living environment},
  author={Harma, Aki and McKinney, Martin F and Skowronek, Janto},
  booktitle={IEEE International Conference on Multimedia and Expo (ICME)},
  pages={4--8},
  year={2005},
  organization={IEEE}
}

@article{crocco2016audio,
  title={Audio surveillance: a systematic review},
  author={Crocco, Marco and Cristani, Marco and Trucco, Andrea and Murino, Vittorio},
  journal={ACM Computing Surveys (CSUR)},
  volume={48},
  number={4},
  pages={52},
  year={2016},
  publisher={ACM}
}

@article{cristani2007audio,
  title={Audio-visual event recognition in surveillance video sequences},
  author={Cristani, Marco and Bicego, Manuele and Murino, Vittorio},
  journal={IEEE Transactions on Multimedia},
  volume={9},
  number={2},
  pages={257--267},
  year={2007},
  publisher={IEEE}
}

@inproceedings{rattanaopas2017improving,
  title={Improving {H}adoop {M}ap{R}educe performance with data compression: A study using wordcount job},
  author={Rattanaopas, Kritwara and Kaewkeeree, Sureerat},
  booktitle={14th International Conference on Electrical Engineering/Electronics, Computer, Telecommunications and Information Technology (ECTI-CON)},
  pages={564--567},
  year={2017},
  organization={IEEE}
}

@article{wu2014data,
  title={Data mining with big data},
  author={Wu, Xindong and Zhu, Xingquan and Wu, Gong-Qing and Ding, Wei},
  journal={IEEE transactions on knowledge and data engineering},
  volume={26},
  number={1},
  pages={97--107},
  year={2014},
  publisher={IEEE}
}

@article{cooke2006glimpsing,
  title={A glimpsing model of speech perception in noise},
  author={Cooke, Martin},
  journal={The Journal of the Acoustical Society of America},
  volume={119},
  number={3},
  pages={1562--1573},
  year={2006},
  publisher={ASA}
}

@article{cooke2001robust,
  title={Robust automatic speech recognition with missing and unreliable acoustic data},
  author={Cooke, Martin and Green, Phil and Josifovski, Ljubomir and Vizinho, Ascension},
  journal={Speech communication},
  volume={34},
  number={3},
  pages={267--285},
  year={2001},
  publisher={Elsevier}
}

@inproceedings{heikkinen2013distributed,
  title={Distributed multimedia content analysis with MapReduce},
  author={Heikkinen, Arto and Sarvanko, Jouni and Rautiainen, Mika and Ylianttila, Mika},
  booktitle={2013 IEEE 24th International Symposium on Personal Indoor and Mobile Radio Communications (PIMRC)},
  pages={3497--3501},
  year={2013},
  organization={IEEE}
}

@article{raj2005missing,
  title={Missing-feature approaches in speech recognition},
  author={Raj, Bhiksha and Stern, Richard M},
  journal={IEEE Signal Processing Magazine},
  volume={22},
  number={5},
  pages={101--116},
  year={2005},
  publisher={IEEE}
}

@article{lyon2010machine,
  title={Machine hearing: An emerging field [exploratory {DSP}]},
  author={Lyon, Richard F},
  journal={IEEE signal processing magazine},
  volume={27},
  number={5},
  pages={131--139},
  year={2010},
  publisher={IEEE}
}

@inproceedings{pancoast2012bag,
  title={Bag-of-audio-words approach for multimedia event classification},
  author={Pancoast, Stephanie and Akbacak, Murat},
  booktitle={Thirteenth Annual Conference of the International Speech Communication Association},
  pages={2105--2108},
  year={2012}
}

@inproceedings{schmitt2016border,
  title={At the Border of Acoustics and Linguistics: Bag-of-Audio-Words for the Recognition of Emotions in Speech.},
  author={Schmitt, Maximilian and Ringeval, Fabien and Schuller, Bj{\"o}rn W},
  booktitle={INTERSPEECH},
  pages={495--499},
  year={2016}
}

@inproceedings{lim2015robust,
  title={Robust sound event classification using {LBP-HOG} based bag-of-audio-words feature representation},
  author={Lim, Hyungjun and Kim, Myung Jong and Kim, Hoirin},
  booktitle={Sixteenth Annual Conference of the International Speech Communication Association},
  pages={3325--3329},
  year={2015}
}

@inproceedings{yang2007evaluating,
  title={Evaluating bag-of-visual-words representations in scene classification},
  author={Yang, Jun and Jiang, Yu-Gang and Hauptmann, Alexander G and Ngo, Chong-Wah},
  booktitle={Proceedings of the international workshop on multimedia information retrieval},
  pages={197--206},
  year={2007},
  organization={ACM}
}

@inproceedings{wang2009hog,
  title={An HOG-LBP human detector with partial occlusion handling},
  author={Wang, Xiaoyu and Han, Tony X and Yan, Shuicheng},
  booktitle={12th International Conference on Computer Vision},
  pages={32--39},
  year={2009},
  organization={IEEE}
}

@inproceedings{temko2006clear,
  title={CLEAR evaluation of acoustic event detection and classification systems},
  author={Temko, Andrey and Malkin, Robert and Zieger, Christian and Macho, Du{\v{s}}an and Nadeu, Climent and Omologo, Maurizio},
  booktitle={International Evaluation Workshop on Classification of Events, Activities and Relationships},
  pages={311--322},
  year={2006},
  organization={Springer}
}

@inproceedings{wang2006modified,
  title={A modified K-means clustering with a density-sensitive distance metric},
  author={Wang, Ling and Bo, Liefeng and Jiao, Licheng},
  booktitle={International Conference on Rough Sets and Knowledge Technology},
  pages={544--551},
  year={2006},
  organization={Springer}
}

@article{zhang2015sift,
  title={SIFT-based local spectrogram image descriptor: a novel feature for robust music identification},
  author={Zhang, Xiu and Zhu, Bilei and Li, Linwei and Li, Wei and Li, Xiaoqiang and Wang, Wei and Lu, Peizhong and Zhang, Wenqiang},
  journal={EURASIP Journal on Audio, Speech, and Music Processing},
  volume={2015},
  number={1},
  pages={6},
  year={2015},
  publisher={Springer}
}

@inproceedings{mulimani2017acoustic,
  title={Acoustic event classification using graph signals},
  author={Mulimani, Manjunath and Jahnavi, UP and Koolagudi, Shashidhar G},
  booktitle={Region 10 Conference (TENCON)},
  pages={1812--1816},
  year={2017},
  organization={IEEE}
}

@article{zhang2007local,
  title={Local features and kernels for classification of texture and object categories: A comprehensive study},
  author={Zhang, Jianguo and Marsza{\l}ek, Marcin and Lazebnik, Svetlana and Schmid, Cordelia},
  journal={International journal of computer vision},
  volume={73},
  number={2},
  pages={213--238},
  year={2007},
  publisher={Springer}
}

@article{daliri2013chi,
  title={Chi-square distance kernel of the gaits for the diagnosis of Parkinson's disease},
  author={Daliri, Mohammad Reza},
  journal={Biomedical Signal Processing and Control},
  volume={8},
  number={1},
  pages={66--70},
  year={2013},
  publisher={Elsevier}
}

@incollection{jolliffe1986choosing,
  title={Choosing a subset of principal components or variables},
  author={Jolliffe, Ian T},
  booktitle={Principal Component Analysis},
  pages={92--114},
  year={1986},
  publisher={Springer}
}

@article{valero2012gammatone,
  title={Gammatone cepstral coefficients: Biologically inspired features for non-speech audio classification},
  author={Valero, Xavier and Alias, Francesc},
  journal={IEEE Transactions on Multimedia},
  volume={14},
  number={6},
  pages={1684--1689},
  year={2012},
  publisher={IEEE}
}


@article{kong2016deep,
  title={Deep neural network baseline for {DCASE} challenge 2016},
  author={Kong, Qiuqiang and Sobieraj, Iwona and Wang, Wenwu and Plumbley, Mark},
  journal={Proceedings of {DCASE}},
  year={2016}
}


@inproceedings{temko2006comparison,
  title={Comparison of sequence discriminant support vector machines for acoustic event classification},
  author={Temko, Andrey and Monte, Enric and Nadeu, Climent},
  booktitle={Proceedings of IEEE International Conference on Acoustics, Speech and Signal Processing (ICASSP)},
  volume={5},
  pages={721--724},
  year={2006},
  organization={IEEE}
}

@inproceedings{jaakkola1999exploiting,
  title={Exploiting generative models in discriminative classifiers},
  author={Jaakkola, Tommi and Haussler, David},
  booktitle={Advances in neural information processing systems},
  pages={487--493},
  year={1999}
}

@inproceedings{smith2002using,
  title={Using SVMs and discriminative models for speech recognition},
  author={Smith, ND and Gales, Mark JF},
  booktitle={Proceedings of IEEE International Conference on Acoustics, Speech, and Signal Processing (ICASSP)},
  volume={1},
  pages={77--80},
  year={2002},
  organization={IEEE}
}

@article{wan2005speaker,
  title={Speaker verification using sequence discriminant support vector machines},
  author={Wan, Vincent and Renals, Steve},
  journal={IEEE Transactions on Speech and Audio Processing},
  volume={13},
  number={2},
  pages={203--210},
  year={2005},
  publisher={IEEE}
}

@article{sanchez2013image,
  title={Image classification with the {F}isher vector: Theory and practice},
  author={S{\'a}nchez, Jorge and Perronnin, Florent and Mensink, Thomas and Verbeek, Jakob},
  journal={International journal of computer vision},
  volume={105},
  number={3},
  pages={222--245},
  year={2013},
  publisher={Springer}
}

@article{phan2016learning,
  title={Learning representations for nonspeech audio events through their similarities to speech patterns},
  author={Phan, Huy and Hertel, Lars and Maass, Marco and Mazur, Radoslaw and Mertins, Alfred},
  journal={IEEE/ACM Transactions on Audio, Speech, and Language Processing},
  volume={24},
  number={4},
  pages={807--822},
  year={2016},
  publisher={IEEE}
}

@article{foggia2016audio1,
  title={Audio surveillance of roads: a system for detecting anomalous sounds},
  author={Foggia, Pasquale and Petkov, Nicolai and Saggese, Alessia and Strisciuglio, Nicola and Vento, Mario},
  journal={IEEE Transactions on Intelligent Transportation Systems},
  volume={17},
  number={1},
  pages={279--288},
  year={2016},
  publisher={IEEE}
}

@inproceedings{perronnin2010improving,
  title={Improving the fisher kernel for large-scale image classification},
  author={Perronnin, Florent and S{\'a}nchez, Jorge and Mensink, Thomas},
  booktitle={European conference on computer vision},
  pages={143--156},
  year={2010},
  organization={Springer}
}

@article{grzeszick2017bag,
  title={Bag-of-Features Methods for Acoustic Event Detection and Classification},
  author={Grzeszick, Ren{\'e} and Plinge, Axel and Fink, Gernot A},
  journal={IEEE/ACM Transactions on Audio, Speech, and Language Processing},
  volume={25},
  number={6},
  pages={1242--1252},
  year={2017},
  publisher={IEEE}
}

@article{goetze2012acoustic,
  title={Acoustic monitoring and localization for social care},
  author={Goetze, Stefan and Schroder, Jens and Gerlach, Stephan and Hollosi, Danilo and Appell, Jens-E and Wallhoff, Frank},
  journal={Journal of Computing Science and Engineering},
  volume={6},
  number={1},
  pages={40--50},
  year={2012}
  }

@inproceedings{mulimani2018robust,
  title={Robust {A}coustic {E}vent {C}lassification Using {B}ag-of-{V}isual-{W}ords},
  author={Mulimani, Manjunath and Koolagudi, Shashidhar G},
  booktitle={INTERSPEECH},
  pages={3319--3322},
  year={2018}
}

@article{unoki1999method,
  title={A method of signal extraction from noisy signal based on auditory scene analysis},
  author={Unoki, Masashi and Akagi, Masato},
  journal={Speech Communication},
  volume={27},
  number={3-4},
  pages={261--279},
  year={1999},
  publisher={Elsevier}
}

@inproceedings{li2017comparison,
  title={A comparison of deep learning methods for environmental sound detection},
  author={Li, Juncheng and Dai, Wei and Metze, Florian and Qu, Shuhui and Das, Samarjit},
  booktitle={IEEE International Conference on Acoustics, Speech and Signal Processing (ICASSP)},
  pages={126--130},
  year={2017},
  organization={IEEE}
}

@inproceedings{Zhang2018,
  author={Liwen Zhang and Jiqing Han and Shiwen Deng},
  title={Unsupervised Temporal Feature Learning Based on Sparse Coding Embedded BoAW for Acoustic Event Recognition},
  booktitle={INTERSPEECH},
  pages={3284--3288},
  year={2018}
  }

@inproceedings{wang2010locality,
  title={Locality-constrained linear coding for image classification},
  author={Wang, Jinjun and Yang, Jianchao and Yu, Kai and Lv, Fengjun and Huang, Thomas and Gong, Yihong},
  booktitle={IEEE International Conference on Computer Vision and Pattern Recognition (CVPR)},
  pages={3360--3367},
  year={2010},
  organization={IEEE}
}

@inproceedings{yang2009linear,
  title={Linear spatial pyramid matching using sparse coding for image classification},
  author={Yang, Jianchao and Yu, Kai and Gong, Yihong and Huang, Thomas},
  booktitle={IEEE International Conference on Computer Vision and Pattern Recognition (CVPR)},
  pages={1794--1801},
  year={2009},
  organization={IEEE}
}

@inproceedings{plinge2014bag,
  title={A bag-of-features approach to acoustic event detection},
  author={Plinge, Axel and Grzeszick, Rene and Fink, Gernot A},
  booktitle={IEEE International Conference on Acoustics, Speech and Signal Processing (ICASSP)},
  pages={3704--3708},
  year={2014},
  organization={IEEE}
}

@inproceedings{lu2014sparse,
  title={Sparse representation based on a bag of spectral exemplars for acoustic event detection},
  author={Lu, Xugang and Tsao, Yu and Matsuda, Shigeki and Hori, Chiori},
  booktitle={IEEE International Conference on Acoustics, Speech and Signal Processing (ICASSP)},
  pages={6255--6259},
  year={2014},
  organization={IEEE}
}

@article{simonyan2014very,
  title={Very deep convolutional networks for large-scale image recognition},
  author={Simonyan, Karen and Zisserman, Andrew},
  journal={CoRR},
  volume={abs/1409.1556},
  year={2014}
}

@inproceedings{phan2016learn,
  title={Learning compact structural representations for audio events using regressor banks},
  author={Phan, Huy and Maass, Marco and Hertel, Lars and Mazur, Radoslaw and McLoughlin, Ian and Mertins, Alfred},
  booktitle={IEEE International Conference on Acoustics, Speech and Signal Processing (ICASSP)},
  pages={211--215},
  year={2016},
  organization={IEEE}
}

@article{lu2002content,
  title={Content analysis for audio classification and segmentation},
  author={Lu, Lie and Zhang, Hong-Jiang and Jiang, Hao},
  journal={IEEE Transactions on Speech and Audio processing},
  volume={10},
  number={7},
  pages={504--516},
  year={2002},
  publisher={IEEE}
}

@article{sharan2015subband,
  title={Subband time-frequency image texture features for robust audio surveillance},
  author={Sharan, Roneel V and Moir, Tom J},
  journal={IEEE Transactions on Information Forensics and Security},
  volume={10},
  number={12},
  pages={2605--2615},
  year={2015},
  publisher={IEEE}
}

@article{sharan2018pseudo,
  title={Pseudo-color cochleagram image feature and sequential feature selection for robust acoustic event recognition},
  author={Sharan, Roneel V and Moir, Tom J},
  journal={Applied Acoustics},
  volume={140},
  pages={198--204},
  year={2018},
  publisher={Elsevier}
}


@article{zhang2001audio,
  title={Audio content analysis for online audiovisual data segmentation and classification},
  author={Zhang, Tong and Kuo, C-C Jay},
  journal={IEEE Transactions on speech and audio processing},
  volume={9},
  number={4},
  pages={441--457},
  year={2001},
  publisher={IEEE}
}

@article{perperis2011multimodal,
  title={Multimodal and ontology-based fusion approaches of audio and visual processing for violence detection in movies},
  author={Perperis, Thanassis and Giannakopoulos, Theodoros and Makris, Alexandros and Kosmopoulos, Dimitrios I and Tsekeridou, Sofia and Perantonis, Stavros J and Theodoridis, Sergios},
  journal={Expert Systems with Applications},
  volume={38},
  number={11},
  pages={14102--14116},
  year={2011},
  publisher={Elsevier}
}

@article{temko2006classification,
  title={Classification of acoustic events using SVM-based clustering schemes},
  author={Temko, Andrey and Nadeu, Climent},
  journal={Pattern Recognition},
  volume={39},
  number={4},
  pages={682--694},
  year={2006},
  publisher={Elsevier}
}

@inproceedings{KwangyounKim:2011:HAA:2190648.2190982,
 author = {Kwangyoun Kim and Hanseok Ko},
 title = {Hierarchical Approach for Abnormal Acoustic Event Classification in an Elevator},
 booktitle = {Proceedings of the 8th IEEE International Conference on Advanced Video and Signal Based Surveillance},
 year = {2011},
 pages = {89--94},
 organization = {IEEE} 
} 

@inproceedings{zhang2012semi,
  title={Semi-supervised learning helps in sound event classification},
  author={Zhang, Zixing and Schuller, Bj{\"o}rn},
  booktitle={IEEE International Conference on Acoustics, Speech and Signal Processing (ICASSP)},
  pages={333--336},
  year={2012},
  organization={IEEE}
}

@article{lojka2016efficient,
  title={Efficient acoustic detector of gunshots and glass breaking},
  author={Lojka, Martin and Pleva, Mat{\'u}{\v{s}} and Kiktov{\'a}, Eva and Juh{\'a}r, Jozef and {\v{C}}i{\v{z}}m{\'a}r, Anton},
  journal={Multimedia Tools and Applications},
  volume={75},
  number={17},
  pages={10441--10469},
  year={2016},
  publisher={Springer}
}

@article{mulimani2019segmentation,
  title={Segmentation and characterization of acoustic event spectrograms using singular value decomposition},
  author={Mulimani, Manjunath and Koolagudi, Shashidhar G},
  journal={Expert Systems with Applications},
  volume={120},
  pages={413--425},
  year={2019},
  publisher={Elsevier}
}

@article{sharan2019acoustic,
  title={Acoustic event recognition using cochleagram image and convolutional neural networks},
  author={Sharan, Roneel V and Moir, Tom J},
  journal={Applied Acoustics},
  volume={148},
  pages={62--66},
  year={2019},
  publisher={Elsevier}
}

@article{salamon2017deep,
  title={Deep convolutional neural networks and data augmentation for environmental sound classification},
  author={Salamon, Justin and Bello, Juan Pablo},
  journal={IEEE Signal Processing Letters},
  volume={24},
  number={3},
  pages={279--283},
  year={2017},
  publisher={IEEE}
}


@article{mulimani2019extraction,
  title={Extraction of {M}ap{R}educe-based features from spectrograms for audio-based surveillance},
  author={Mulimani, Manjunath and Koolagudi, Shashidhar G},
  journal={Digital Signal Processing},
  volume={87},	
  pages={1--9},
  year={2019},
  publisher={Elsevier}
}

@inproceedings{adavanne2017sound,
  title={Sound event detection using spatial features and convolutional recurrent neural network},
  author={Adavanne, Sharath and Pertil{\"a}, Pasi and Virtanen, Tuomas},
  booktitle={IEEE International Conference on Acoustics, Speech and Signal Processing (ICASSP)},
  pages={333--336},
  year={2017}, 
  organization={IEEE}
}

@inproceedings{abadi2016tensorflow,
  title={Tensorflow: a system for large-scale machine learning.},
  author={Abadi, Mart{\'\i}n and Barham, Paul and Chen, Jianmin and Chen, Zhifeng and Davis, Andy and Dean, Jeffrey and Devin, Matthieu and Ghemawat, Sanjay and Irving, Geoffrey and Isard, Michael and others},
  booktitle={OSDI},
  volume={16},
  pages={265--283},
  year={2016}
}

@inproceedings{mcfee2015librosa,
  title={librosa: Audio and music signal analysis in python},
  author={McFee, Brian and Raffel, Colin and Liang, Dawen and Ellis, Daniel PW and McVicar, Matt and Battenberg, Eric and Nieto, Oriol},
  booktitle={Proceedings of SciPy},
  pages={18--25},
  year={2015}
}

@inproceedings{mesaros2016tut,
  title={TUT database for acoustic scene classification and sound event detection},
  author={Mesaros, Annamaria and Heittola, Toni and Virtanen, Tuomas},
  booktitle={24th European Signal Processing Conference (EUSIPCO)},
  pages={1128--1132},
  year={2016},
  organization={IEEE}
}

@inproceedings{mesaros2017dcase,
  title={DCASE 2017 challenge setup: Tasks, datasets and baseline system},
  author={Mesaros, Annamaria and Heittola, Toni and Diment, Aleksandr and Elizalde, Benjamin and Shah, Ankit and Vincent, Emmanuel and Raj, Bhiksha and Virtanen, Tuomas},
  booktitle={DCASE 2017-Workshop on Detection and Classification of Acoustic Scenes and Events},
  year={2017}
}

@article{adavanne2017report,
  title={A report on sound event detection with different binaural features},
  author={Adavanne, Sharath and Virtanen, Tuomas},
  journal={arXiv preprint arXiv:1710.02997},
  year={2017}
}

@article{ma2019relational,
  title={Relational recurrent neural networks for polyphonic sound event detection},
  author={Ma, Junbo and Wang, Ruili and Ji, Wanting and Zheng, Hao and Zhu, En and Yin, Jianping},
  journal={Multimedia Tools and Applications},
  pages={1--19},
  year={2019},
  publisher={Springer}
}

@article{zhang2016deep,
  title={A deep neural network-driven feature learning method for multi-view facial expression recognition},
  author={Zhang, Tong and Zheng, Wenming and Cui, Zhen and Zong, Yuan and Yan, Jingwei and Yan, Keyu},
  journal={IEEE Transactions on Multimedia},
  volume={18},
  number={12},
  pages={2528--2536},
  year={2016},
  publisher={IEEE}
}

@article{degara2011onset,
  title={Onset event decoding exploiting the rhythmic structure of polyphonic music},
  author={Degara, Norberto and Davies, Matthew EP and Pena, Antonio and Plumbley, Mark D},
  journal={IEEE Journal of Selected Topics in Signal Processing},
  volume={5},
  number={6},
  pages={1228--1239},
  year={2011},
  publisher={IEEE}
}

@inproceedings{heittola2010audio,
  title={Audio context recognition using audio event histograms},
  author={Heittola, Toni and Mesaros, Annamaria and Eronen, Antti and Virtanen, Tuomas},
  booktitle={18th European Signal Processing Conference},
  pages={1272--1276},
  year={2010},
  organization={IEEE}
}

@article{carabias2011musical,
  title={Musical instrument sound multi-excitation model for non-negative spectrogram factorization},
  author={Carabias-Orti, Julio J and Virtanen, Tuomas and Vera-Candeas, Pedro and Ruiz-Reyes, Nicol{\'a}s and Canadas-Quesada, Francisco J},
  journal={IEEE Journal of Selected Topics in Signal Processing},
  volume={5},
  number={6},
  pages={1144--1158},
  year={2011},
  publisher={IEEE}
}

@article{guo2003content,
  title={Content-based audio classification and retrieval by support vector machines},
  author={Guo, Guodong and Li, Stan Z},
  journal={IEEE Transactions on Neural Networks},
  volume={14},
  number={1},
  pages={209--215},
  year={2003},
  publisher={IEEE}
}

@article{mcloughlin2015robust,
  title={Robust sound event classification using deep neural networks},
  author={McLoughlin, Ian and Zhang, Haomin and Xie, Zhipeng and Song, Yan and Xiao, Wei},
  journal={IEEE/ACM Transactions on Audio, Speech, and Language Processing},
  volume={23},
  number={3},
  pages={540--552},
  year={2015},
  publisher={IEEE}
}

@inproceedings{parascandolo2016recurrent,
  title={Recurrent neural networks for polyphonic sound event detection in real life recordings},
  author={Parascandolo, Giambattista and Huttunen, Heikki and Virtanen, Tuomas},
  booktitle={IEEE International Conference on Acoustics, Speech and Signal Processing (ICASSP)},
  pages={6440--6444},
  year={2016},
  organization={IEEE}
}

@inproceedings{mesaros2010acoustic,
  title={Acoustic event detection in real life recordings},
  author={Mesaros, Annamaria and Heittola, Toni and Eronen, Antti and Virtanen, Tuomas},
  booktitle={18th European Signal Processing Conference},
  pages={1267--1271},
  year={2010},
  organization={IEEE}
}

@inproceedings{mesaros2015sound,
  title={Sound event detection in real life recordings using coupled matrix factorization of spectral representations and class activity annotations},
  author={Mesaros, Annamaria and Heittola, Toni and Dikmen, Onur and Virtanen, Tuomas},
  booktitle={IEEE International Conference on Acoustics, Speech and Signal Processing (ICASSP)},
  pages={151--155},
  year={2015},
  organization={IEEE}
}

@article{mohamed2012acoustic,
  title={Acoustic modeling using deep belief networks},
  author={Mohamed, Abdel-rahman and Dahl, George E and Hinton, Geoffrey},
  journal={IEEE Transactions on Audio, Speech, and Language Processing},
  volume={20},
  number={1},
  pages={14--22},
  year={2012},
  publisher={IEEE}
}

@inproceedings{piczak2015environmental,
  title={Environmental sound classification with convolutional neural networks},
  author={Piczak, Karol J},
  booktitle={25th International Workshop on Machine Learning for Signal Processing (MLSP)},
  pages={1--6},
  year={2015},
  organization={IEEE}
}

@article{cakir2017convolutional,
  title={Convolutional recurrent neural networks for polyphonic sound event detection},
  author={Cak{\i}r, Emre and Parascandolo, Giambattista and Heittola, Toni and Huttunen, Heikki and Virtanen, Tuomas},
  journal={IEEE/ACM Transactions on Audio, Speech, and Language Processing},
  volume={25},
  number={6},
  pages={1291--1303},
  year={2017},
  publisher={IEEE}
}

@misc{virtanen2016proceedings,
  title={Proceedings of the Detection and Classification of Acoustic Scenes and Events 2016 Workshop (DCASE2016), Budapest, Hungary},
  author={Virtanen, T and Mesaros, A and Heittola, T and Plumbley, Mark and Foster, P and Benetos, E and Lagrange, M},
  year={2016},
  publisher={Tampere University of Technology. Department of Signal Processing}
}

@inproceedings{bulat2016human,
  title={Human pose estimation via convolutional part heatmap regression},
  author={Bulat, Adrian and Tzimiropoulos, Georgios},
  booktitle={European Conference on Computer Vision},
  pages={717--732},
  year={2016},
  organization={Springer}
}

@inproceedings{mobahi2009deep,
  title={Deep learning from temporal coherence in video},
  author={Mobahi, Hossein and Collobert, Ronan and Weston, Jason},
  booktitle={Proceedings of the 26th Annual International Conference on Machine Learning},
  pages={737--744},
  year={2009},
  organization={ACM}
}

@article{stowell2015detection,
  title={Detection and classification of acoustic scenes and events},
  author={Stowell, Dan and Giannoulis, Dimitrios and Benetos, Emmanouil and Lagrange, Mathieu and Plumbley, Mark D},
  journal={IEEE Transactions on Multimedia},
  volume={17},
  number={10},
  pages={1733--1746},
  year={2015},
  publisher={IEEE}
}

@article{schroder2015spectro,
  title={Spectro-temporal Gabor filterbank features for acoustic event detection},
  author={Schr{\"o}der, Jens and Goetze, Stefan and Anem{\"u}ller, J{\"o}rn},
  journal={IEEE/ACM Transactions on Audio, Speech, and Language Processing},
  volume={23},
  number={12},
  pages={2198--2208},
  year={2015},
  publisher={IEEE}
}

@article{jayalakshmi2018global,
  title={Global statistical features-based approach for Acoustic Event Detection},
  author={Jayalakshmi, SL and Chandrakala, S and Nedunchelian, R},
  journal={Applied Acoustics},
  volume={139},
  pages={113--118},
  year={2018},
  publisher={Elsevier}
}

@Inbook{Yan2009,
author="Yan, Jun",
editor="LIU, LING
and {\"O}ZSU, M. TAMER",
title="Text Representation",
bookTitle="Encyclopedia of Database Systems",
year="2009",
publisher="Springer US",
address="Boston, MA",
pages="3069--3072",
isbn="978-0-387-39940-9",
doi="10.1007/978-0-387-39940-9_420",
url="https://doi.org/10.1007/978-0-387-39940-9_420"
}


